% This file was created with JabRef 2.10.
% Encoding: Cp1252

@Misc{techno,
	Title                    = {CI},
	
	Author                   = {Sascha Marquardt},
	HowPublished             = {\url{http://www.mamas-projekte.de/hochschule/?page_id=274}},
	
	Owner                    = {gurk},
	Timestamp                = {02.02.2016}
}
@Misc{wikissd,
	Title                    = {Corporate Identity und Corporate Design},
	
	Author                   = {Prof. Florian Adler},
	HowPublished             = {\url{http://www.adlerschmidt.de/de/wissen/ciundcd.html}},
	
	Owner                    = {gurk},
	Timestamp                = {02.02.2016}
}
@Misc{cb,
	Title                    = {Corporate Identity},
	
	Author                   = {Wikipedia.de},
	HowPublished             = {\url{https://de.wikipedia.org/wiki/Corporate_Identity}},
	
	Owner                    = {gurk},
	Timestamp                = {02.02.2016}
}
